<record xmlns="http://www.loc.gov/MARC21/slim" xmlns:xsi="http://www.w3.org/2001/XMLSchema-instance" xsi:schemaLocation="http://www.loc.gov/MARC21/slim http://www.loc.gov/standards/marcxml/schema/MARC21slim.xsd"><leader>     nam a22        4500</leader><controlfield tag="001">3076201</controlfield><controlfield tag="003">NNC</controlfield><controlfield tag="006">m        d        </controlfield><controlfield tag="007">cr cn |||m|||a</controlfield><controlfield tag="008">150602s1948    ua      ob    000 0 ara d</controlfield><datafield ind1=" " ind2=" " tag="040"><subfield code="a">NNU</subfield><subfield code="b">eng</subfield><subfield code="e">rda</subfield><subfield code="c">NNU</subfield></datafield><datafield ind1="0" ind2=" " tag="041"><subfield code="a">ara</subfield><subfield code="a">eng</subfield></datafield><datafield ind1=" " ind2=" " tag="043"><subfield code="a">f-ua---</subfield></datafield><datafield ind1="1" ind2=" " tag="100"><subfield code="6">880-01</subfield><subfield code="a">H&#803;asan, Ibra&#772;hi&#772;m H&#803;asan.</subfield></datafield><datafield ind1="1" ind2="3" tag="245"><subfield code="6">880-02</subfield><subfield code="a">al-Mu&#699;izz li-Di&#772;n Alla&#772;h :</subfield><subfield code="b">ima&#772;m al-Shi&#772;&#699;ah al-Isma&#772;&#699;i&#772;li&#772;yah wa-mu&#700;assis al-dawlah al-Fa&#772;t&#803;imi&#772;yah fi&#772; Mis&#803;r /</subfield><subfield code="c">ta&#700;li&#772;f H&#803;asan Ibra&#772;hi&#772;m H&#803;asan [wa] T&#803;aha Ah&#803;mad Sharaf.</subfield></datafield><datafield ind1="1" ind2=" " tag="246"><subfield code="i">Added t.-p. in English:</subfield><subfield code="a">Mu'izz li Din-i'illah,</subfield><subfield code="b">the Ismaili Iman and founder of the Fatimid dynasty in Egypt</subfield></datafield><datafield ind1=" " ind2=" " tag="260"><subfield code="6">880-03</subfield><subfield code="a">al-Qa&#772;hirah :</subfield><subfield code="b">Maktabat al-Nahd&#803;ah al-Mis&#803;ri&#772;yah,</subfield><subfield code="c">1948.</subfield></datafield><datafield ind1=" " ind2=" " tag="300"><subfield code="a">online resource (371 pages)</subfield></datafield><datafield ind1=" " ind2=" " tag="336"><subfield code="a">text</subfield><subfield code="2">rdacontent</subfield></datafield><datafield ind1=" " ind2=" " tag="337"><subfield code="a">computer</subfield><subfield code="2">rdamedia</subfield></datafield><datafield ind1=" " ind2=" " tag="338"><subfield code="a">online resource</subfield><subfield code="2">rdacarrier</subfield></datafield><datafield ind1=" " ind2=" " tag="500"><subfield code="a">Part of the Arabic Collections Online (ACO) project, contributed by Columbia University Libraries.</subfield></datafield><datafield ind1=" " ind2=" " tag="504"><subfield code="a">Includes bibliographical references (pages 353-360).</subfield></datafield><datafield ind1=" " ind2=" " tag="533"><subfield code="a">Electronic reproduction.</subfield><subfield code="b">New York, N.Y. :</subfield><subfield code="c">New York University,</subfield><subfield code="d">2015.</subfield><subfield code="5">NNU</subfield></datafield><datafield ind1="0" ind2="0" tag="600"><subfield code="6">880-04</subfield><subfield code="a">Mu&#699;izz li-Di&#772;n Alla&#772;h,</subfield><subfield code="c">Fatimid Caliph,</subfield><subfield code="d">931-975.</subfield></datafield><datafield ind1=" " ind2="0" tag="651"><subfield code="a">Egypt</subfield><subfield code="x">Kings and rulers</subfield><subfield code="v">Biography.</subfield></datafield><datafield ind1=" " ind2="0" tag="651"><subfield code="a">Egypt</subfield><subfield code="x">History</subfield><subfield code="y">640-1250.</subfield></datafield><datafield ind1="0" ind2="7" tag="600"><subfield code="a">Mu&#699;izz li-Di&#772;n Alla&#772;h,</subfield><subfield code="c">Fatimid Caliph,</subfield><subfield code="d">931-975</subfield><subfield code="2">fast</subfield><subfield code="0">(OCoLC)fst00129355</subfield></datafield><datafield ind1=" " ind2="7" tag="650"><subfield code="a">Kings and rulers.</subfield><subfield code="2">fast</subfield><subfield code="0">(OCoLC)fst00987694</subfield></datafield><datafield ind1=" " ind2="7" tag="651"><subfield code="a">Egypt.</subfield><subfield code="2">fast</subfield><subfield code="0">(OCoLC)fst01208755</subfield></datafield><datafield ind1=" " ind2="7" tag="648"><subfield code="a">640 - 1250</subfield><subfield code="2">fast</subfield></datafield><datafield ind1=" " ind2="7" tag="655"><subfield code="a">Biography.</subfield><subfield code="2">fast</subfield><subfield code="0">(OCoLC)fst01423686</subfield></datafield><datafield ind1="2" ind2=" " tag="710"><subfield code="a">Columbia University.</subfield><subfield code="b">Libraries.</subfield></datafield><datafield ind1="0" ind2=" " tag="730"><subfield code="a">Arabic Collections Online.</subfield></datafield><datafield ind1="0" ind2="8" tag="776"><subfield code="i">Print version:</subfield><subfield code="a">H&#803;asan, Ibra&#772;hi&#772;m H&#803;asan.</subfield><subfield code="t">al-Mu&#699;izz li-Di&#772;n Alla&#772;h</subfield><subfield code="w">(NNC)3076201</subfield><subfield code="w">(OCoLC)47855508</subfield></datafield><datafield ind1="4" ind2="0" tag="856"><subfield code="u">http://hdl.handle.net/2333.1/b8gthwn6</subfield></datafield><datafield ind1="1" ind2=" " tag="880"><subfield code="6">100-01</subfield><subfield code="a">&#1581;&#1587;&#1606;&#1548; &#1575;&#1576;&#1585;&#1575;&#1607;&#1610;&#1605; &#1581;&#1587;&#1606;.</subfield></datafield><datafield ind1="1" ind2="2" tag="880"><subfield code="6">245-02</subfield><subfield code="a">&#1575;&#1604;&#1605;&#1593;&#1586; &#1604;&#1583;&#1610;&#1606; &#1575;&#1604;&#1604;&#1607; :</subfield><subfield code="b">&#1575;&#1605;&#1575;&#1605; &#1575;&#1604;&#1588;&#1610;&#1593;&#1577; &#1575;&#1604;&#1575;&#1587;&#1605;&#1575;&#1593;&#1610;&#1604;&#1610;&#1577; &#1608;&#1605;&#1572;&#1587;&#1587; &#1575;&#1604;&#1583;&#1608;&#1604;&#1577; &#1575;&#1604;&#1601;&#1575;&#1591;&#1605;&#1610;&#1577; &#1601;&#1610; &#1605;&#1589;&#1585; /</subfield><subfield code="c">&#1578;&#1571;&#1604;&#1610;&#1601; &#1581;&#1587;&#1606; &#1575;&#1576;&#1585;&#1575;&#1607;&#1610;&#1605; &#1581;&#1587;&#1606; [&#1608;] &#1591;&#1607; &#1575;&#1581;&#1605;&#1583; &#1588;&#1585;&#1601;.</subfield></datafield><datafield ind1=" " ind2=" " tag="880"><subfield code="6">260-03</subfield><subfield code="a">&#1575;&#1604;&#1602;&#1575;&#1607;&#1585;&#1577; :</subfield><subfield code="b">&#1605;&#1603;&#1578;&#1576;&#1577; &#1575;&#1604;&#1606;&#1607;&#1590;&#1577; &#1575;&#1604;&#1605;&#1589;&#1585;&#1610;&#1577;&#1548;</subfield><subfield code="c">1948.</subfield></datafield><datafield ind1="0" ind2="4" tag="880"><subfield code="6">600-04</subfield><subfield code="a">&#1605;&#1593;&#1586; &#1604;&#1583;&#1610;&#1606; &#1575;&#1604;&#1604;&#1607;&#1548;</subfield><subfield code="c">Fatimid Caliph,</subfield><subfield code="d">931-975.</subfield></datafield><datafield ind1=" " ind2=" " tag="959"><subfield code="a">NNU</subfield><subfield code="b">WEB</subfield><subfield code="c">GENI</subfield><subfield code="t">0</subfield><subfield code="m">Electronic access</subfield><subfield code="s">01</subfield></datafield><datafield ind1=" " ind2=" " tag="999"><subfield code="i">NNC_3076201</subfield><subfield code="o">(OCoLC)ocm47855508</subfield><subfield code="s">columbia_aco000578</subfield><subfield code="e">(ERROR-880)</subfield><subfield code="s">columbia_aco000578</subfield></datafield></record>